@article{meskanen2019,
  author  = {Juha Meskanen},
  title   = {Physics as an Emergent Property of the Observer: A Derivation from Four Assumptions},
  year    = {2019},
  journal = {Unpublished Manuscript}
}

@article{meskanen2020,
  author  = {Juha Meskanen},
  title   = {Entropy Collapse and the Nature of Black Hole Singularities},
  year    = {2020},
  journal = {Unpublished Manuscript}
}

